
@article{Monaghan1977,
  author       = {Monaghan, JJ and Gingold, RA},
  journal      = {Monthly notices of the Royal Astronomical Society},
	doi = {10.1093/mnras/181.3.375},
  pages	       = {375-389},
  title	       = {{Smoothed Particle Hydrodynamics: Theory and application to non-spherical Stars}},
  volume       = 181,
  year	       = 1977
}

@article{Monaghan1992,
  author       = {Monaghan, JJ},
  journal      = {Annual Review of Astronomy and Astrophysics},
  pages	       = {543-574},
	doi = {10.1146/annurev.aa.30.090192.002551},
  title	       = {{Smoothed Particle Hydrodynamics}},
  volume       = 30,
  year	       = 1992
}

@article{Monaghan1994,
  author       = {Monaghan, JJ},
  journal      = {Journal of Computational Physics},
  pages	       = {399-406},
  title	       = {{Smoothed Particle Hydrodynamics}},
  volume       = 110,
  year	       = 1994
}


@article{Morris,
  author       = {Joseph P. Morris},
  journal      = {International Journal for Numerical Methods in Fluids},
  pages	       = {333-353},
  title	       = {{Simulating surface tension with Smoothed Particle Hydrodynamics}},
  volume       = 33,
	doi = {10.1002/1097-0363(20000615)33:3<333::AID-FLD11>3.0.CO;2-7},
  year	       = 2000
}


@article{Surface,
  author       = {Lafaurie, B and Nardone, C and Scardoveli, R and Zaleski, S and Zanetti, G},
  journal      = {Journal of Computational Physics},
  pages	       = {134-147},
  title	       = {{Modeling merging and fragmentation in multiphase flows with SURFER}},
  volume       = 113,
	doi = {10.1006/jcph.1994.1123},
  year	       = 1994
}

@article{Brackbill,
  author       = {Brackbill, JU and Kothe, DB and Zemach, C},
  journal      = {Journal of Computational Physics},
  pages	       = {335-354},
  title	       = {{A continuum method for modelling surface tension}},
  volume       = 33,
	doi = {10.1016/0021-9991(92)90240-Y},
  year	       = 1992
}

@article{viscous,
  author       = {Morris, JP and Fox, PJ and Zhu, Y},
  journal      = {Journal of Computational Physics},
  pages	       = {214-226},
  title	       = {{Modelling low Reynolds number incompressible flows using SPH}},
  volume       = 136,
	doi = {10.1006/jcph.1997.5776},
  year	       = 1997
}


@InCollection{Sackmann1995a,
  author       = {Sackmann, E},
  title	       = {Physical Basis of Self-Organization and Function of
                  Membranes: Physics of Vesicles},
  booktitle    = {Structure and Dynamics of Membranes: From Cells to
                  Vesicles},
  editor       = {R Lipowsky and E Sackmann},
  chapter      = 5,
  pages	       = {213-303},
  year	       = 1995,
  volume       = {1A},
  series       = {Handbook of Biological Physics},
  publisher    = {Elsevier}
}



@Book{Boal2012,
  author       = {David Boal},
  title	       = {Mechanics of the Cell},
  publisher    = {Cambridge},
  year	       = 2012,
  edition      = 2
}

@MastersThesis{jariwala00,
  author       = {Saurabh Jariwala},
  title	       = {Lattice Boltzmann Simulation of Lamellar Phase},
  school       = {Chemical Engineering, Indian Institute of Science},
  year	       = 2000,
  address      = {Bangalore, India}
}

@Misc{Smith99,
  author       = {Douglas E Smith},
  year	       = 1999,
  howpublished = {Private communication},
    note       = {Duc At has the communication regarding the details
                  passed on by Smith}
}

@Unpublished{SunHI03,
  author       = {P Sunthar},
  title	       = {Calculation of fixed point in the Zimm model:
                  revisited},
  note	       = {Unpublished notes},
  year	       = 2003
}

@PhdThesis{luding94,
  author       = {Luding, S},
  title	       = {Models and Simulations of Granular Materials},
  school       = {Albert-{L}udwigs-{U}nivetsit{\"a}t {F}reiburg},
  year	       = 1994,
  month	       = {October},
  url	       =
                  {http://www2.msm.ctw.utwente.nl/sluding/PAPERS/PhD_Luding.pdf}
}

@InProceedings{rich-mart92,
  author       = {W. Richman and Richard E. Martin},
  title	       = {Unconfined granular materials thermalised by
                  fluctuating horizontal surfaces},
  booktitle    = {Engineering Mechanics: Proceedings of the Ninth
                  Conference},
  organization = {Engineering Mechanics Division},
  chapter      = 3,
  pages	       = {900-903},
  year	       = 1992,
  editor       = {Loren D. Lutes and John M. Niedzwecki},
  publisher    = {American Society of Civil Engineers, New York},
  month	       = {May 24--27}
}


